@book{matrix_theory_basic,
	title = {Real mathematical Analysis},
	isbn = {{978-3-319-17771-7}},
	publisher = {Springer International Publishing},
	author = {Pugh, Charles Chapman},
	year = 2015,
	pages = "228--239"
}